

@TechReport{Boring2015,
  Title                    = {Gender Biases in Student Evaluations of Teachers},
  Author                   = {Boring, Anne},
  Institution              = {OFCE},
  Year                     = {2015},
  Month                    = {April},
  Number                   = {13},
  Type                     = {Document de travail OFCE},

  Journal                  = {OFCE Working Paper},
  Owner                    = {albor_000},
  Pages                    = {1-68},
  Timestamp                = {2015.05.25}
}

@TechReport{Boring2015ofce,
  Title                    = {Can students evaluate teaching quality objectively?},
  Author                   = {Boring, Anne},
  Institution              = {OFCE},
  Year                     = {2015},
  Type                     = {Le Blog de l'OFCE},

  Journal                  = {Le Blog de l'OFCE},
  Owner                    = {albor_000},
  Timestamp                = {2015.05.31},
  Url                      = {http://www.ofce.sciences-po.fr/blog/can-students-evaluate-teaching-quality-objectively/}
}

@Article{MacNell2014,
  Title                    = {What’s in a Name: Exposing Gender Bias in Student Ratings of Teaching},
  Author                   = {MacNell, L. and Driscoll, A. and Hunt, A. N.},
  Journal                  = {Innovative Higher Education},
  Year                     = {2014},
  Pages                    = {1-13},

  Owner                    = {albor_000},
  Timestamp                = {2015.02.07}
}
@Article{StarkFreishtat2014,
  Title                    = {An Evaluation of Course Evaluations},
  Author                   = {Stark, P. B. and Freishtat, R.},
  Journal                  = {Science Open Research},
  Year                     = {2014},
  Owner                    = {albor_000},
  Timestamp                = {2015.03.06},
  Doi                     = {10.14293/S2199-1006.1.- .AOFRQA.v1},
  Url                      = {https://www.scienceopen.com/document/vid/42e6aae5-246b-4900-8015-dc99b467b6e4}
}